



%====================================================================
%                       IBM MODELS
%====================================================================
%healt research
@article{Auchincloss2015Healthresearch,
	doi = {10.1590/0102-311x00051615},
	url = {https://doi.org/10.1590\%2F0102-311x00051615},
	year = 2015,
	month = {nov},
	publisher = {{FapUNIFESP} ({SciELO})},
	volume = {31},
	number = {suppl 1},
	pages = {65--78},
	author = {Amy H. Auchincloss and Leandro Martin Totaro Garcia},
	title = {Brief introductory guide to agent-based modeling and an illustration from urban health research},
	journal = {Cadernos de Sa{\'{u}}de P{\'{u}}blica}
}
%fish
@article{Werner1997Fish,
	doi = {10.1016/s1385-1101(97)00024-5},
	url = {https://doi.org/10.1016\%2Fs1385-1101\%2897\%2900024-5},
	year = 1997,
	month = {nov},
	publisher = {Elsevier {BV}},
	volume = {37},
	number = {3-4},
	pages = {195--212},
	author = {Francisco E. Werner and John A. Quinlan and Brian O. Blanton and Richard A. Luettich},
	title = {The role of hydrodynamics in explaining variability in fish populations},
	journal = {Journal of Sea Research}
}
%Examples
@article{Parada2003Anchovy,
	doi = {10.1046/j.1365-2419.2003.00235.x},
	url = {https://doi.org/10.1046\%2Fj.1365-2419.2003.00235.x},
	year = 2003,
	month = {may},
	publisher = {Wiley},
	volume = {12},
	number = {3},
	pages = {170--184},
	author = {C. Parada and C.D. van der Lingen and C. Mullon and P. Penven},
	title = {Modelling the effect of buoyancy on the transport of anchovy (Engraulis capensis) eggs from spawning to nursery grounds in the southern Benguela: an {IBM} approach},
	journal = {Fisheries Oceanography}
}


%Desription of IBMs
@article{Grimm2006ODD,
title = {A standard protocol for describing individual-based and agent-based models},
journal = {Ecological Modelling},
volume = {198},
number = {1},
pages = {115 - 126},
year = {2006},
issn = {0304-3800},
doi = {https://doi.org/10.1016/j.ecolmodel.2006.04.023},
url = {http://www.sciencedirect.com/science/article/pii/S0304380006002043},
author = {Volker Grimm and Uta Berger and Finn Bastiansen and Sigrunn Eliassen and Vincent Ginot and Jarl Giske and John Goss-Custard and Tamara Grand and Simone K. Heinz and Geir Huse and Andreas Huth and Jane U. Jepsen and Christian Jørgensen and Wolf M. Mooij and Birgit Müller and Guy Pe’er and Cyril Piou and Steven F. Railsback and Andrew M. Robbins and Martha M. Robbins and Eva Rossmanith and Nadja Rüger and Espen Strand and Sami Souissi and Richard A. Stillman and Rune Vabø and Ute Visser and Donald L. DeAngelis},
}
%Desription of IBMs update
@article{Grimm2010UpdateODD,
title = {The ODD protocol: A review and first update},
journal = {Ecological Modelling},
volume = {221},
number = {23},
pages = {2760 - 2768},
year = {2010},
issn = {0304-3800},
doi = {https://doi.org/10.1016/j.ecolmodel.2010.08.019},
url = {http://www.sciencedirect.com/science/article/pii/S030438001000414X},
author = {Volker Grimm and Uta Berger and Donald L. DeAngelis and J. Gary Polhill and Jarl Giske and Steven F. Railsback},

}
@article{Grimm2020SecondUpdateODD,
	doi = {10.18564/jasss.4259},
	url = {https://doi.org/10.18564\%2Fjasss.4259},
	year = 2020,
	publisher = {Journal of Artificial Societies and Social Simulation},
	volume = {23},
	number = {2},
	author = {Volker Grimm and Steven F. Railsback and Christian E. Vincenot and Uta Berger and Cara Gallagher and Donald L. DeAngelis and Bruce Edmonds and Jiaqi Ge and Jarl Giske and Jürgen Groeneveld and Alice S.A. Johnston and Alexander Milles and Jacob Nabe-Nielsen and J. Gareth Polhill and Viktoriia Radchuk and Marie-Sophie Rohwäder and Richard A. Stillman and Jan C. Thiele and Daniel Ayll{\'{o}}n},
	title = {The {ODD} Protocol for Describing Agent-Based and Other Simulation Models: A Second Update to Improve Clarity, Replication, and Structural Realism},
	journal = {Journal of Artificial Societies and Social Simulation}
}

%Separation into modules
@article{Erguler2018Modules,
	doi = {10.12688/f1000research.15824.1},
	url = {https://doi.org/10.12688\%2Ff1000research.15824.1},
	year = 2018,
	month = {aug},
	publisher = {F1000 Research Ltd},
	volume = {7},
	pages = {1220},
	author = {Kamil Erguler},
	title = {{sPop}: Age-structured discrete-time population dynamics model in C, Python, and R},
	journal = {F1000Research}
}
%Individual-based models review/summary
@article{DeAngelis2014IBM,
	doi = {10.12703/p6-39},
	url = {https://doi.org/10.12703\%2Fp6-39},
	year = {2014},
	publisher = {F1000 Research Ltd},
	volume = {6},
	author = {Donald L. DeAngelis and Volker Grimm},
	title = {Individual-based models in ecology after four decades},
	journal = {F1000Prime Reports}
}
%Application of IBMs
@article{Lux2018IBMAplication,
	doi = {10.3389/fphys.2017.01121},
	url = {https://doi.org/10.3389\%2Ffphys.2017.01121},
	year = {2018},
	publisher = {Frontiers Media {SA}},
	volume = {8},
	author = {Slawomir A. Lux},
	title = {Individual-Based Modeling Approach to Assessment of the Impacts of Landscape Complexity and Climate on Dispersion, Detectability and Fate of Incipient Medfly Populations},
	journal = {Frontiers in Physiology}
}

%Benefits of IBMs
@article{Stillman2014BenefitsIBM,
    author = {Stillman, Richard A. and Railsback, Steven F. and Giske, Jarl and Berger, Uta and Grimm, Volker},
    title = "{Making Predictions in a Changing World: The Benefits of Individual-Based Ecology}",
    journal = {BioScience},
    volume = {65},
    number = {2},
    pages = {140-150},
    year = {2014},
    month = {12},
    issn = {0006-3568},
    doi = {10.1093/biosci/biu192},
    url = {https://doi.org/10.1093/biosci/biu192},
    eprint = {https://academic.oup.com/bioscience/article-pdf/65/2/140/8719099/biu192.pdf},
}
}
%Zebrafish and toxicities
@article{Beaudouin2015Zebra,
	doi = {10.1371/journal.pone.0125841},
	url = {https://doi.org/10.1371\%2Fjournal.pone.0125841},
	year = 2015,
	month = {may},
	publisher = {Public Library of Science ({PLoS})},
	volume = {10},
	number = {5},
	pages = {e0125841},
	author = {R{\'{e}}my Beaudouin and Benoit Goussen and Benjamin Piccini and Starrlight Augustine and James Devillers and Fran{\c{c}}ois Brion and Alexandre R. R. P{\'{e}}ry},
	editor = {Christopher Joseph Salice},
	title = {An Individual-Based Model of Zebrafish Population Dynamics Accounting for Energy Dynamics},
	journal = {{PLOS} {ONE}}
}
%IBM with individual adaptation
@article{Clark2011IBMAdaptations,
	doi = {10.1016/j.ecolmodel.2011.10.001},
	url = {https://doi.org/10.1016\%2Fj.ecolmodel.2011.10.001},
	year = 2011,
	month = {dec},
	publisher = {Elsevier {BV}},
	volume = {222},
	number = {23-24},
	pages = {3823--3837},
	author = {James R. Clark and Stuart J. Daines and Timothy M. Lenton and Andrew J. Watson and Hywel T.P. Williams},
	title = {Individual-based modelling of adaptation in marine microbial populations using genetically defined physiological parameters},
	journal = {Ecological Modelling}
}
%coupling IBM and circulation (Calanus IBM)
@article{Miller1998CalanusIBM,
	doi = {10.1046/j.1365-2419.1998.00072.x},
	url = {https://doi.org/10.1046\%2Fj.1365-2419.1998.00072.x},
	year = 1998,
	month = {dec},
	publisher = {Wiley},
	volume = {7},
	number = {3-4},
	pages = {219--234},
	author = {Miller, Charles B and Lynch, Daniel R and Carlotti, Francois and Gentleman, Wendy and Lewis, Craig VW},
	title = {Coupling of an individual-based population dynamic model of Calanus finmarchicus
		            to a circulation model for the Georges Bank region},
	journal = {Fisheries Oceanography}
}
%three spined stickleback IBM model (higher trophic IBMs)
@article{Mintram2018IBM_Stickleback,
  author={Mintram, Kate S. and Brown, A. Ross and Maynard, Samuel K. and Liu, Chun and Parker, Sarah-Jane and Tyler, Charles R. and Thorbek, Pernille},
  title={{Assessing population impacts of toxicant-induced disruption of breeding behaviours using an individual-based model for the three-spined stickleback}},
  journal={Ecological Modelling},
  year=2018,
  volume={387},
  number={C},
  pages={107-117},
  month={},
  keywords={Endocrine disrupting chemicals; Population resilience; Density-dependence; Exposure regime; Fenitrot},
  doi={10.1016/j.ecolmodel.2018.},
  url={https://ideas.repec.org/a/eee/ecomod/v387y2018icp107-117.html}
}

%Foraminifer ecophysiological model
@article{Lombard2011ForaminiferaModel,
	doi = {10.5194/bg-8-853-2011},
	url = {https://doi.org/10.5194\%2Fbg-8-853-2011},
	year = 2011,
	month = {apr},
	publisher = {Copernicus {GmbH}},
	volume = {8},
	number = {4},
	pages = {853--873},
	author = {F. Lombard and L. Labeyrie and E. Michel and L. Bopp and E. Cortijo and S. Retailleau and H. Howa and F. Jorissen},
	title = {Modelling planktic foraminifer growth and distribution using an ecophysiological multi-species approach},
	journal = {Biogeosciences}
}
%Application of an IBM model
@article{Roy2015ApplicationIBMForams,
	doi = {10.5194/bg-12-2873-2015},
	url = {https://doi.org/10.5194\%2Fbg-12-2873-2015},
	year = 2015,
	month = {may},
	publisher = {Copernicus {GmbH}},
	volume = {12},
	number = {10},
	pages = {2873--2889},
	author = {T. Roy and F. Lombard and L. Bopp and M. Gehlen},
	title = {Projected impacts of climate change and ocean acidification on the global biogeography of planktonic Foraminifera},
	journal = {Biogeosciences}
}
%====================================================================
%                       PTEROPOD IBM PAPERS
%====================================================================
%DW to carbon for pteropoda OG
@article{Omori1969DWCarbon,
	doi = {10.1007/bf00355587},
	url = {https://doi.org/10.1007\%2Fbf00355587},
	year = 1969,
	month = {may},
	publisher = {Springer Science and Business Media {LLC}},
	volume = {3},
	number = {1},
	pages = {4--10},
	author = {Makoto Omori},
	title = {Weight and chemical composition of some important oceanic zooplankton in the North Pacific Ocean},
	journal = {Marine Biology}
}
%DW to carbon summary
@article{Larson1986Carbon,
	doi = {10.1016/0022-0981(86)90231-5},
	url = {https://doi.org/10.1016\%2F0022-0981\%2886\%2990231-5},
	year = 1986,
	month = {jul},
	publisher = {Elsevier {BV}},
	volume = {99},
	number = {2},
	pages = {107--120},
	author = {R.J. Larson},
	title = {Water content, organic content, and carbon and nitrogen composition of medusae from the northeast Pacific},
	journal = {Journal of Experimental Marine Biology and Ecology}
}
%DW to WW
@article{Davis1985DWandWW,
	doi = {10.1029/jc090ic05p08871},
	url = {https://doi.org/10.1029\%2Fjc090ic05p08871},
	year = 1985,
	publisher = {American Geophysical Union ({AGU})},
	volume = {90},
	number = {C5},
	pages = {8871},
	author = {Cabell S. Davis and Peter H. Wiebe},
	title = {Macrozooplankton biomass in a warm-core Gulf Stream ring: Time series changes in size structure, taxonomic composition, and vertical distribution},
	journal = {Journal of Geophysical Research}
}

%lipid storages
@article{Maas2020Lipids,
	doi = {10.1016/j.pocean.2020.102371},
	url = {https://doi.org/10.1016\%2Fj.pocean.2020.102371},
	year = 2020,
	month = {jul},
	publisher = {Elsevier {BV}},
	volume = {186},
	pages = {102371},
	author = {Amy E. Maas and Gareth L. Lawson and Alexander J. Bergan and Zhaohui Aleck Wang and Ann M. Tarrant},
	title = {Seasonal variation in physiology and shell condition of the pteropod Limacina retroversa in the Gulf of Maine relative to life cycle and carbonate chemistry},
	journal = {Progress in Oceanography}
}

%spawning periods Mediterranean
@article{Howes2015Mediterranean,
	doi = {10.3354/meps11322},
	url = {https://doi.org/10.3354\%2Fmeps11322},
	year = 2015,
	month = {jul},
	publisher = {Inter-Research Science Center},
	volume = {531},
	pages = {193--206},
	author = {EL Howes and L Stemmann and C Assailly and JO Irisson and M Dima and J Bijma and JP Gattuso},
	title = {Pteropod time series from the North Western Mediterranean (1967-2003): impacts of {pH} and climate variability},
	journal = {Marine Ecology Progress Series}
}
%Reproduction
@article{Dadon1992Reproduction,
	doi = {10.1007/bf00350035},
	url = {https://doi.org/10.1007\%2Fbf00350035},
	year = 1992,
	month = {nov},
	publisher = {Springer Science and Business Media {LLC}},
	volume = {114},
	number = {3},
	pages = {439--442},
	author = {J{\'{o}}se R. Dadon and Lilia Lauria de Cidre},
	title = {The reproductive cycle of the Thecosomatous pteropod Limacina retroversa in the western South Atlantic},
	journal = {Marine Biology}
}
%free floating eggs
@article{Schalk1990SeasonalSpatial,
	doi = {10.1007/bf01344271},
	url = {https://doi.org/10.1007\%2Fbf01344271},
	year = 1990,
	month = {feb},
	publisher = {Springer Science and Business Media {LLC}},
	volume = {105},
	number = {1},
	pages = {59--71},
	author = {P. H. Schalk},
	title = {Spatial and seasonal variation in pteropods (Mollusca) of Indo-Malayan waters related to watermass distribution},
	journal = {Marine Biology}
}
%Reproduction
@article{Lalli1978Reproduction,
	doi = {10.1111/j.1469-7998.1978.tb03359.x},
	url = {https://doi.org/10.1111\%2Fj.1469-7998.1978.tb03359.x},
	year = 1978,
	month = {aug},
	publisher = {Wiley},
	volume = {186},
	number = {1},
	pages = {95--108},
	author = {Carol M. Lalli and Fred E. Wells},
	title = {Reproduction in the genus Limacina (Opisthobranchia: Thecosomata)},
	journal = {Journal of Zoology}
}

%overwintering % size
@article{Gannefors2005Overwintering,
	doi = {10.1007/s00227-004-1544-y},
	url = {https://doi.org/10.1007\%2Fs00227-004-1544-y},
	year = 2005,
	month = {feb},
	publisher = {Springer Science and Business Media {LLC}},
	volume = {147},
	number = {1},
	pages = {169--177},
	author = {Charlotte Gannefors and Marco Böer and Gerhard Kattner and Martin Graeve and Ketil Eiane and Bj{\o}rn Gulliksen and Haakon Hop and Stig Falk-Petersen},
	title = {The Arctic sea butterfly Limacina helicina: lipids and life strategy},
	journal = {Marine Biology}
}
%size
@article{Kobayashi1974Growth,
	doi = {10.1007/bf00391513},
	url = {https://doi.org/10.1007\%2Fbf00391513},
	year = 1974,
	publisher = {Springer Science and Business Media {LLC}},
	volume = {26},
	number = {4},
	pages = {295--301},
	author = {H. A. Kobayashi},
	title = {Growth cycle and related vertical distribution of the thecosomatous pteropod Spiratella (?Limacina?) helicina in the central Arctic Ocean},
	journal = {Marine Biology}
}

%Traits of zooplankton 
@article{Litchman2013traits,
	doi = {10.1093/plankt/fbt019},
	url = {https://doi.org/10.1093\%2Fplankt\%2Ffbt019},
	year = 2013,
	month = {mar},
	publisher = {Oxford University Press ({OUP})},
	volume = {35},
	number = {3},
	pages = {473--484},
	author = {Elena Litchman and Mark D. Ohman and Thomas Ki{\o}rboe},
	title = {Trait-based approaches to zooplankton communities},
	journal = {Journal of Plankton Research}
}

%Unbeaching
@article{Delandmeter2019Unbeaching,
	doi = {10.5194/gmd-2018-339-ac2},
	url = {https://doi.org/10.5194\%2Fgmd-2018-339-ac2},
	year = 2019,
	month = {apr},
	publisher = {Copernicus {GmbH}},
	author = {Philippe Delandmeter},
	title = {The Parcels v2.0 Lagrangian framework: new field interpolation schemes}
}



%choaling of euphotic zone in CalCS
@article{Aksnesa2009ShoalingEuphotic,
	doi = {10.4319/lo.2009.54.4.1272},
	url = {https://doi.org/10.4319\%2Flo.2009.54.4.1272},
	year = 2009,
	month = {may},
	publisher = {Wiley},
	volume = {54},
	number = {4},
	pages = {1272--1281},
	author = {Dag L. Aksnesa and Mark D. Ohman},
	title = {Multi-decadal shoaling of the euphotic zone in the southern sector of the California Current System},
	journal = {Limnology and Oceanography}
}
%DVM and light/phytoplankton biomass
@article{Ohman2016DVMLight,
	doi = {10.1002/lno.10251},
	url = {https://doi.org/10.1002\%2Flno.10251},
	year = 2016,
	month = {dec},
	publisher = {Wiley},
	volume = {61},
	number = {2},
	pages = {765--770},
	author = {Mark D. Ohman and Jean-Baptiste Romagnan},
	title = {Nonlinear effects of body size and optical attenuation on Diel Vertical Migration by zooplankton},
	journal = {Limnology and Oceanography}
}
%Global DVM patterns (Timing of DVM)
@article{Bianchi2015GlobalDVM,
	doi = {10.1002/lno.10219},
	url = {https://doi.org/10.1002\%2Flno.10219},
	year = 2015,
	month = {oct},
	publisher = {Wiley},
	volume = {61},
	number = {1},
	pages = {353--364},
	author = {Daniele Bianchi and K. A. S. Mislan},
	title = {Global patterns of diel vertical migration times and velocities from acoustic data},
	journal = {Limnology and Oceanography}
}
%Pteropod abundance and biomass vertical distribution, and the influence of fronts
%Maximum depth
@article{Bednarsek2015VerticalDistribution,
	doi = {10.3354/meps11199},
	url = {https://doi.org/10.3354\%2Fmeps11199},
	year = 2015,
	month = {mar},
	publisher = {Inter-Research Science Center},
	volume = {523},
	pages = {93--103},
	author = {N Bednar{\v{s}}ek and MD Ohman},
	title = {Changes in pteropod distributions and shell dissolution across a frontal system in the California Current System},
	journal = {Marine Ecology Progress Series}
}
%Swimming speeds (upward)
@article{Murphy2016UpwardSwimming,
	doi = {10.1242/jeb.129205},
	url = {https://doi.org/10.1242\%2Fjeb.129205},
	year = 2016,
	month = {feb},
	publisher = {The Company of Biologists},
	volume = {219},
	number = {4},
	pages = {535--543},
	author = {David W. Murphy and Deepak Adhikari and Donald R. Webster and Jeannette Yen},
	title = {Underwater flight by the planktonic sea butterfly},
	journal = {The Journal of Experimental Biology}
}
%Range of swimming speeds and size dependence
@article{Chang2012SwimmingSpeedSize,
	doi = {10.1093/icb/ics113},
	url = {https://doi.org/10.1093\%2Ficb\%2Fics113},
	year = 2012,
	month = {sep},
	publisher = {Oxford University Press ({OUP})},
	volume = {52},
	number = {5},
	pages = {597--615},
	author = {Yin Chang and Jeannette Yen},
	title = {Swimming in the Intermediate Reynolds Range: Kinematics of the Pteropod Limacina helicina},
	journal = {Integrative and Comparative Biology}
}
%Dissolution and settling speed
@article{Byrne1984SettlingSpeed,
	doi = {10.1038/312321a0},
	url = {https://doi.org/10.1038\%2F312321a0},
	year = 1984,
	month = {nov},
	publisher = {Springer Science and Business Media {LLC}},
	volume = {312},
	number = {5992},
	pages = {321--326},
	author = {Robert H. Byrne and James G. Acker and Peter R. Betzer and Richard A. Feely and Marion H. Cates},
	title = {Water column dissolution of aragonite in the Pacific Ocean},
	journal = {Nature}
}
%The effect of dissolution on swimming and sinking speeds
@article{Bergan2017SwimmingSinkingSpeeds,
	doi = {10.1093/icesjms/fsx008},
	url = {https://doi.org/10.1093\%2Ficesjms\%2Ffsx008},
	year = 2017,
	month = {mar},
	publisher = {Oxford University Press ({OUP})},
	volume = {74},
	number = {7},
	pages = {1893--1905},
	author = {Alexander J. Bergan and Gareth L. Lawson and Amy E. Maas and Zhaohui Aleck Wang},
	editor = {David M Fields},
	title = {The effect of elevated carbon dioxide on the sinking and swimming of the shelled pteropod Limacina retroversa},
	journal = {{ICES} Journal of Marine Science}
}
%Pteropod life cycle (Growth functions)
@article{Wang2017Lifecycle,
	doi = {10.1093/icesjms/fsx014},
	url = {https://doi.org/10.1093\%2Ficesjms\%2Ffsx014},
	year = 2017,
	month = {apr},
	publisher = {Oxford University Press ({OUP})},
	volume = {74},
	number = {7},
	pages = {1906--1920},
	author = {Kang Wang and Brian P. V. Hunt and Cui Liang and Daniel Pauly and Evgeny A. Pakhomov},
	editor = {Rubao Ji},
	title = {Reassessment of the life cycle of the pteropod Limacina helicina from a high resolution interannual time series in the temperate North Pacific},
	journal = {{ICES} Journal of Marine Science}
}
%Original growth function equation
@article{Bertalanffy1938,
 ISSN = {00187143, 15346617},
 URL = {http://www.jstor.org/stable/41447359},
 author = {Ludwig von Bertalanffy},
 journal = {Human Biology},
 number = {2},
 pages = {181--213},
 publisher = {Wayne State University Press},
 title = {A quantitative theory of organic growth (inquiries on grwoth laws. II)},
 volume = {10},
 year = {1938}
}


@Article{Somers1988,
  author={Somers, I.F.},
  title={On a seasonally oscillating growth function},
  journal={Fishbyte},
  year={1988},
  volume={6},
  number={1},
  pages={8-11},
  month={},
  keywords={Growth rate; Fish; Mathematical models},
  doi={},
  abstract={No abstract is available for this item.},
  url={https://ideas.repec.org/a/wfi/wfbyte/39518.html}
}

@incollection{pauly2013ELEFAN,
  author       = {Daniel Pauly}, 
  title        = {The {ELEFAN} system for analysis of length-frequency data from fish and aquatic invertebrate populations},
  booktitle    = {ELEFAN in R: a new tool for length-frequency analysis},
  publisher    = {Fisheries Centre Research Reports 21(3)},
  year         = 2013,
  editor       = {Pauly, Daniel and Greenberg, Aaron},
  pages        = {1-25},
  issn         = {1198-6727},
  address      = {Fisheries Center, University of British Columbia, Canada}
}

@article{GarciaBerthou2012Growth,
	doi = {10.1007/s11160-012-9262-x},
	url = {https://doi.org/10.1007\%2Fs11160-012-9262-x},
	year = 2012,
	month = {mar},
	publisher = {Springer Science and Business Media {LLC}},
	volume = {22},
	number = {3},
	pages = {635--640},
	author = {Emili Garc{\'{\i}}a-Berthou and Gerard Carmona-Catot and Roberto Merciai and Derek H. Ogle},
	title = {A technical note on seasonal growth models},
	journal = {Reviews in Fish Biology and Fisheries}
}

%Life-stages
@article{Thabet2015Lifestages,
	doi = {10.1007/s00227-015-2754-1},
	url = {https://doi.org/10.1007\%2Fs00227-015-2754-1},
	year = 2015,
	month = {oct},
	publisher = {Springer Science and Business Media {LLC}},
	volume = {162},
	number = {11},
	pages = {2235--2249},
	author = {Ali A. Thabet and Amy E. Maas and Gareth L. Lawson and Ann M. Tarrant},
	title = {Life cycle and early development of the thecosomatous pteropod Limacina retroversa in the Gulf of Maine, including the effect of elevated {CO}2 levels},
	journal = {Marine Biology}
}

%longevity
@article{Bednarsek2012Population,
	doi = {10.1016/j.dsr2.2011.08.003},
	url = {https://doi.org/10.1016\%2Fj.dsr2.2011.08.003},
	year = 2012,
	month = {jan},
	publisher = {Elsevier {BV}},
	volume = {59-60},
	pages = {105--116},
	author = {N. Bednar{\v{s}}ek and G.A. Tarling and S. Fielding and D.C.E. Bakker},
	title = {Population dynamics and biogeochemical significance of Limacina helicina antarctica in the Scotia Sea (Southern Ocean)},
	journal = {Deep Sea Research Part {II}: Topical Studies in Oceanography}
}



%Fecundity and acidification
@article{Manno2016EggsAcidification,
	doi = {10.1038/srep25752},
	url = {https://doi.org/10.1038\%2Fsrep25752},
	year = 2016,
	month = {may},
	publisher = {Springer Science and Business Media {LLC}},
	volume = {6},
	number = {1},
	author = {Clara Manno and Victoria L. Peck and Geraint A. Tarling},
	title = {Pteropod eggs released at high {pCO}2 lack resilience to ocean acidification},
	journal = {Scientific Reports}
}
%Fecundity and clutch readiness (OLD PAPER!)
@book{Paranjape1968egg,
  title={The egg mass and veligers of Limacina helicina Phipps},
  author={Paranjape, Madhu A},
  year={1968},
  journal = {Veliger},
  volume = {10},
  pages = {322--326}
}
%Dissoolution and calcification rates
@article{Bednarsek2014CalcificationDissolution,
	doi = {10.1371/journal.pone.0109183},
	url = {https://doi.org/10.1371\%2Fjournal.pone.0109183},
	year = 2014,
	month = {oct},
	publisher = {Public Library of Science ({PLoS})},
	volume = {9},
	number = {10},
	pages = {e109183},
	author = {Nina Bednar{\v{s}}ek and Geraint A. Tarling and Dorothee C. E. Bakker and Sophie Fielding and Richard A. Feely},
	editor = {Pauline Ross},
	title = {Dissolution Dominating Calcification Process in Polar Pteropods Close to the Point of Aragonite Undersaturation},
	journal = {{PLoS} {ONE}}
}
%Repair rates 
@article{Comeau2010RepairRates,
	doi = {10.1371/journal.pone.0011362},
	url = {https://doi.org/10.1371\%2Fjournal.pone.0011362},
	year = 2010,
	month = {jun},
	publisher = {Public Library of Science ({PLoS})},
	volume = {5},
	number = {6},
	pages = {e11362},
	author = {Steeve Comeau and Ross Jeffree and Jean-Louis Teyssi{\'{e}} and Jean-Pierre Gattuso},
	editor = {Anna Stepanova},
	title = {Response of the Arctic Pteropod Limacina helicina to Projected Future Environmental Conditions},
	journal = {{PLoS} {ONE}}
}

%Metabolic cost
@article{Peck2018CounterDamage,
	doi = {10.1038/s41467-017-02692-w},
	url = {https://doi.org/10.1038\%2Fs41467-017-02692-w},
	year = 2018,
	month = {jan},
	publisher = {Springer Science and Business Media {LLC}},
	volume = {9},
	number = {1},
	author = {Victoria L. Peck and Rosie L. Oakes and Elizabeth M. Harper and Clara Manno and Geraint A. Tarling},
	title = {Pteropods counter mechanical damage and dissolution through extensive shell repair},
	journal = {Nature Communications}
}
@article{Lischka2016MetabolicCost,
	doi = {10.1007/s00300-016-2044-5},
	url = {https://doi.org/10.1007\%2Fs00300-016-2044-5},
	year = 2016,
	month = {oct},
	publisher = {Springer Science and Business Media {LLC}},
	volume = {40},
	number = {6},
	pages = {1211--1227},
	author = {Silke Lischka and Ulf Riebesell},
	title = {Metabolic response of Arctic pteropods to ocean acidification and warming during the polar night/twilight phase in Kongsfjord (Spitsbergen)},
	journal = {Polar Biology}
}

%Shell-less pteropods, malformations, and increase in predation
@article{Comeau2010Predation,
	doi = {10.1007/s00227-010-1493-6},
	url = {https://doi.org/10.1007\%2Fs00227-010-1493-6},
	year = 2010,
	month = {jun},
	publisher = {Springer Science and Business Media {LLC}},
	volume = {157},
	number = {10},
	pages = {2341--2345},
	author = {S. Comeau and G. Gorsky and S. Alliouane and J.-P. Gattuso},
	title = {Larvae of the pteropod Cavolinia inflexa exposed to aragonite undersaturation are viable but shell-less},
	journal = {Marine Biology}
}
%====================================================================
%                   VALIDATION
%====================================================================
%DTW as metric to find best match between observations and simulation, timing of peaks
@article{Gupta1996DTW,
	doi = {10.1109/10.486255},
	url = {https://doi.org/10.1109\%2F10.486255},
	year = 1996,
	month = {apr},
	publisher = {Institute of Electrical and Electronics Engineers ({IEEE})},
	volume = {43},
	number = {4},
	pages = {348--356},
	author = {L. Gupta and D.L. Molfese and R. Tammana and P.G. Simos},
	title = {Nonlinear alignment and averaging for estimating the evoked potential},
	journal = {{IEEE} Transactions on Biomedical Engineering}
}
%DTW package
@article{giorgino2009computing,
  title={Computing and visualizing dynamic time warping alignments in R: the dtw package},
  author={Toni Giorgino},
  journal={Journal of statistical Software},
  volume={31},
  number={7},
  pages={1--24},
  year={2009},
  doi={10.18637/jss.v031.i07}
}
%Numpy
@book{oliphant2006guide,
  title={A guide to NumPy},
  author={Oliphant, Travis E},
  volume={1},
  year={2006},
  publisher={Trelgol Publishing USA}
} 
%astral
@manual{astral2020,
      title  = "Astral v2.2",
      author = "Simon Kennedy",
      url    = "https://astral.readthedocs.io/en/latest/index.html",
      year   = "2020 (accessed August 4, 2020)"
    }
%Vertical distribution




%====================================================================
%                       PTEROPODS/ZOOPLANKTON vs THE ENVIRONMENT
%====================================================================
%Multi decadal study
@article{Ohman2009Multi,
	doi = {10.1029/2009gl039901},
	url = {https://doi.org/10.1029\%2F2009gl039901},
	year = 2009,
	month = {sep},
	publisher = {American Geophysical Union ({AGU})},
	volume = {36},
	number = {18},
	author = {Mark D. Ohman and Bertha E. Lavaniegos and Annie W. Townsend},
	title = {Multi-decadal variations in calcareous holozooplankton in the California Current System: Thecosome pteropods, heteropods, and foraminifera},
	journal = {Geophysical Research Letters}
}
@article{Mackas2011Timeseries,
	doi = {10.1093/icesjms/fsr163},
	url = {https://doi.org/10.1093\%2Ficesjms\%2Ffsr163},
	year = 2011,
	month = {oct},
	publisher = {Oxford University Press ({OUP})},
	volume = {69},
	number = {3},
	pages = {448--459},
	author = {David L. Mackas and Moira D. Galbraith},
	title = {Pteropod time-series from the {NE} Pacific},
	journal = {{ICES} Journal of Marine Science}
}
%Challenges in attribution of OA on marine ecosystems
@article{Doo2020Attribution,
	doi = {10.1093/icesjms/fsaa094},
	url = {https://doi.org/10.1093\%2Ficesjms\%2Ffsaa094},
	year = 2020,
	month = {aug},
	publisher = {Oxford University Press ({OUP})},
	author = {Steve S Doo and Andrea Kealoha and Andreas Andersson and Anne L Cohen and Tacey L Hicks and Zackary I Johnson and Matthew H Long and Paul McElhany and Nathaniel Mollica and Kathryn E F Shamberger and Nyssa J Silbiger and Yuichiro Takeshita and D Shallin Busch},
	editor = {Howard Browman},
	title = {The challenges of detecting and attributing ocean acidification impacts on marine ecosystems},
	journal = {{ICES} Journal of Marine Science}
}
%Uncertainties lab and field
@article{Busch2015Uncertainties,
	doi = {10.5670/oceanog.2015.29},
	url = {https://doi.org/10.5670\%2Foceanog.2015.29},
	year = 2015,
	month = {jun},
	publisher = {The Oceanography Society},
	volume = {25},
	number = {2},
	pages = {30--39},
	author = {D. Shallin Busch and   and Michael O{\textquotesingle}Donnell and Claudine Hauri and Katharine Mach and Matthew Poach and Scott Doney and Sergio Signorini},
	title = {Understanding, Characterizing, and Communicating Responses to Ocean Acidification: Challenges and Uncertainties},
	journal = {Oceanography}
}
%Trends in abundance from time series studies

@article{Head2010NWAtlantic,
	doi = {10.1093/plankt/fbq090},
	url = {https://doi.org/10.1093\%2Fplankt\%2Ffbq090},
	year = 2010,
	month = {jul},
	publisher = {Oxford University Press ({OUP})},
	volume = {32},
	number = {12},
	pages = {1633--1648},
	author = {Erica J. H. Head and Pierre Pepin},
	title = {Spatial and inter-decadal variability in plankton abundance and composition in the Northwest Atlantic (1958-2006)},
	journal = {Journal of Plankton Research}
}
@article{Beare2013NorthSea,
	doi = {10.1371/journal.pone.0061175},
	url = {https://doi.org/10.1371\%2Fjournal.pone.0061175},
	year = 2013,
	month = {may},
	publisher = {Public Library of Science ({PLoS})},
	volume = {8},
	number = {5},
	pages = {e61175},
	author = {Doug Beare and Abigail McQuatters-Gollop and Tessa van der Hammen and Marcel Machiels and Shwu Jiau Teoh and Jason M. Hall-Spencer},
	editor = {Sam Dupont},
	title = {Long-Term Trends in Calcifying Plankton and {pH} in the North Sea},
	journal = {{PLoS} {ONE}}
}
@article{Beaugrand2012NAtlantic,
	doi = {10.1038/nclimate1753},
	url = {https://doi.org/10.1038\%2Fnclimate1753},
	year = 2012,
	month = {dec},
	publisher = {Springer Science and Business Media {LLC}},
	volume = {3},
	number = {3},
	pages = {263--267},
	author = {Gregory Beaugrand and Abigail McQuatters-Gollop and Martin Edwards and Eric Goberville},
	title = {Long-term responses of North Atlantic calcifying plankton to climate change},
	journal = {Nature Climate Change}
}
@article{Thibodeau2018WAP,
	doi = {10.1002/lno.11041},
	url = {https://doi.org/10.1002\%2Flno.11041},
	year = 2018,
	month = {oct},
	publisher = {Wiley},
	volume = {64},
	number = {S1},
	author = {P. S. Thibodeau and D. K. Steinberg and S. E. Stammerjohn and C. Hauri},
	title = {Environmental controls on pteropod biogeography along the Western Antarctic Peninsula},
	journal = {Limnology and Oceanography}
}
%pH variability
@article{Hofmann2011Variability,
    author = {Hofmann, Gretchen E. AND Smith, Jennifer E. AND Johnson, Kenneth S. AND Send, Uwe AND Levin, Lisa A. AND Micheli, Fiorenza AND Paytan, Adina AND Price, Nichole N. AND Peterson, Brittany AND Takeshita, Yuichiro AND Matson, Paul G. AND Crook, Elizabeth Derse AND Kroeker, Kristy J. AND Gambi, Maria Cristina AND Rivest, Emily B. AND Frieder, Christina A. AND Yu, Pauline C. AND Martz, Todd R.},
    journal = {PLOS ONE},
    publisher = {Public Library of Science},
    title = {High-Frequency Dynamics of Ocean pH: A Multi-Ecosystem Comparison},
    year = {2011},
    month = {12},
    volume = {6},
    url = {https://doi.org/10.1371/journal.pone.0028983},
    pages = {1-11},
    number = {12},
    doi = {10.1371/journal.pone.0028983}
}
%from lab to population
@article{Andersson2015LabPopulation,
	doi = {10.5670/oceanog.2015.27},
	url = {https://doi.org/10.5670\%2Foceanog.2015.27},
	year = 2015,
	month = {jun},
	publisher = {The Oceanography Society},
	volume = {25},
	number = {2},
	pages = {16--27},
	author = {Andreas Andersson and   and David Kline and Peter Edmunds and Stephen Archer and Nina Bednar{\v{s}}ek and Robert Carpenter and Meg Chadsey and Philip Goldstein and Andrea Grottoli and Thomas Hurst and Andrew King and Janet Kübler and Ilsa Kuffner and Katherine Mackey and Bruce Menge and Adina Paytan and Ulf Riebesell and Astrid Schnetzer and Mark Warner and Richard Zimmerman and},
	title = {Understanding Ocean Acidification Impacts on Organismal to Ecological Scales},
	journal = {Oceanography}
	}
%Impact on larvae and early stages
@article{Ross2011early,
	doi = {10.3390/w3041005},
	url = {https://doi.org/10.3390\%2Fw3041005},
	year = 2011,
	month = {nov},
	publisher = {{MDPI} {AG}},
	volume = {3},
	number = {4},
	pages = {1005--1030},
	author = {Pauline M. Ross and Laura Parker and Wayne A. O'Connor and Elizabeth A. Bailey},
	title = {The Impact of Ocean Acidification on Reproduction, Early Development and Settlement of Marine Organisms},
	journal = {Water}
}
%Unknowns in OA impacts
@article{Busch2016directEffects,
	doi = {10.1371/journal.pone.0160669},
	url = {https://doi.org/10.1371\%2Fjournal.pone.0160669},
	year = 2016,
	month = {aug},
	publisher = {Public Library of Science ({PLoS})},
	volume = {11},
	number = {8},
	pages = {e0160669},
	author = {D. Shallin Busch and Paul McElhany},
	editor = {Christopher J. Gobler},
	title = {Estimates of the Direct Effect of Seawater {pH} on the Survival Rate of Species Groups in the California Current Ecosystem},
	journal = {{PLOS} {ONE}}
}
%The other CO2 problem
@article{Doney2009OtherCO2,
author = {Doney, Scott C. and Fabry, Victoria J. and Feely, Richard A. and Kleypas, Joan A.},
title = {Ocean Acidification: The Other CO2 Problem},
journal = {Annual Review of Marine Science},
volume = {1},
number = {1},
pages = {169-192},
year = {2009},
doi = {10.1146/annurev.marine.010908.163834},
note ={PMID: 21141034},
URL = {https://doi.org/10.1146/annurev.marine.010908.163834},
eprint = {https://doi.org/10.1146/annurev.marine.010908.163834},
}



%dissolution and pteropods/environment
@article{Wall_Palmer2013dissolution,
	doi = {10.1016/j.quascirev.2013.09.019},
	url = {https://doi.org/10.1016\%2Fj.quascirev.2013.09.019},
	year = 2013,
	month = {dec},
	publisher = {Elsevier {BV}},
	volume = {81},
	pages = {29--34},
	author = {Deborah Wall-Palmer and Christopher W. Smart and Malcolm B. Hart},
	title = {In-life pteropod shell dissolution as an indicator of past ocean carbonate saturation},
	journal = {Quaternary Science Reviews}
}


@article{Howes2014Lab,
	doi = {10.1093/plankt/fbu002},
	url = {https://doi.org/10.1093\%2Fplankt\%2Ffbu002},
	year = 2014,
	month = {feb},
	publisher = {Oxford University Press ({OUP})},
	volume = {36},
	number = {2},
	pages = {299--315},
	author = {Ella L. Howes and Nina Bednar{\v{s}}ek and Jan Büdenbender and Steeve Comeau and Ayla Doubleday and Scott M. Gallager and Russell R. Hopcroft and Silke Lischka and Amy E. Maas and Jelle Bijma and Jean-Pierre Gattuso},
	title = {Sink and swim: a status review of thecosome pteropod culture techniques},
	journal = {Journal of Plankton Research}
}



%limacina helicina vs acidification in the CalCS
@article{Bednarsek2014LimacinaHelicina,
	doi = {10.1098/rspb.2014.0123},
	url = {https://doi.org/10.1098\%2Frspb.2014.0123},
	year = 2014,
	month = {jun},
	publisher = {The Royal Society},
	volume = {281},
	number = {1785},
	pages = {20140123},
	author = {N. Bednar{\v{s}}ek and R. A. Feely and J. C. P. Reum and B. Peterson and J. Menkel and S. R. Alin and B. Hales},
	title = {Limacina helicina shell dissolution as an indicator of declining habitat suitability owing to ocean acidification in the California Current Ecosystem},
	journal = {Proceedings of the Royal Society B: Biological Sciences}
}

%Vulnerability to OA is determined by exposure history in pteropods
@article{Bednarsek2017ExposureHistory,
	doi = {10.1038/s41598-017-03934-z},
	url = {https://doi.org/10.1038\%2Fs41598-017-03934-z},
	year = 2017,
	month = {jul},
	publisher = {Springer Science and Business Media {LLC}},
	volume = {7},
	number = {1},
	author = {N. Bednar{\v{s}}ek and R. A. Feely and N. Tolimieri and A. J. Hermann and S. A. Siedlecki and G. G. Waldbusser and P. McElhany and S. R. Alin and T. Klinger and B. Moore-Maley and H. O. Pörtner},
	title = {Exposure history determines pteropod vulnerability to ocean acidification along the {US} West Coast},
	journal = {Scientific Reports}
}
%Global pteropod distribution Corrigendum
@article{Bednarsek2013PteropodDistributionCorrigendum,
	doi = {10.5194/essd-5-1-2013},
	url = {https://doi.org/10.5194\%2Fessd-5-1-2013},
	year = 2013,
	month = {jan},
	publisher = {Copernicus {GmbH}},
	volume = {5},
	number = {1},
	pages = {1--1},
	author = {N. Bednar{\v{s}}ek and J. Mo{\v{z}}ina and M. Vogt and C. O{\textquotesingle}Brien and G. A. Tarling},
	title = {Corrigendum to "The global distribution of pteropods and their contribution to carbonate and carbon biomass in the modern ocean" published in Earth Syst. Sci. Data, 4, 167{\textendash}186, 2012},
	journal = {Earth System Science Data}
}
%Global pteropod distribution
@article{Bednarsek2012PteropodDistribution,
	doi = {10.5194/essd-4-167-2012},
	url = {https://doi.org/10.5194\%2Fessd-4-167-2012},
	year = 2012,
	month = {dec},
	publisher = {Copernicus {GmbH}},
	volume = {4},
	number = {1},
	pages = {167--186},
	author = {N. Bednar{\v{s}}ek and J. Mo{\v{z}}ina and M. Vogt and C. O'Brien and G. A. Tarling},
	title = {The global distribution of pteropods and their contribution to carbonate and carbon biomass in the modern ocean},
	journal = {Earth System Science Data}
}
%Acidification and warming vs pteropod juveniles
@article{Lischka2011WarmingAcidificationJuveniles,
	doi = {10.5194/bg-8-919-2011},
	url = {https://doi.org/10.5194\%2Fbg-8-919-2011},
	year = 2011,
	month = {apr},
	publisher = {Copernicus {GmbH}},
	volume = {8},
	number = {4},
	pages = {919--932},
	author = {S. Lischka and J. Büdenbender and T. Boxhammer and U. Riebesell},
	title = {Impact of ocean acidification and elevated temperatures on early juveniles of the polar shelled pteropod Limacina helicina: mortality, shell degradation, and shell growth},
	journal = {Biogeosciences}
}
%Metabolic suppression strategy and other
@article{Fabry2008MetabolicSuppression,
	doi = {10.1093/icesjms/fsn048},
	url = {https://doi.org/10.1093\%2Ficesjms\%2Ffsn048},
	year = 2008,
	month = {apr},
	publisher = {Oxford University Press ({OUP})},
	volume = {65},
	number = {3},
	pages = {414--432},
	author = {Victoria J. Fabry and Brad A. Seibel and Richard A. Feely and James C. Orr},
	title = {Impacts of ocean acidification on marine fauna and ecosystem processes},
	journal = {{ICES} Journal of Marine Science}
}
%increased metabolic rates
@article{Hoshijima2017MetabolicRates,
	doi = {10.1093/conphys/cox064},
	url = {https://doi.org/10.1093\%2Fconphys\%2Fcox064},
	year = 2017,
	publisher = {Oxford University Press ({OUP})},
	volume = {5},
	number = {1},
	author = {Umihiko Hoshijima and Juliet M Wong and Gretchen E Hofmann},
	title = {Additive effects of {pCO}2 and temperature on respiration rates of the Antarctic pteropod Limacina helicina antarctica},
	journal = {Conservation Physiology}
}
%Pteropod shells as indicators for acidification
@article{Bednarsek2017ApplicationPteropodShell,
	doi = {10.1016/j.ecolind.2017.01.025},
	url = {https://doi.org/10.1016\%2Fj.ecolind.2017.01.025},
	year = 2017,
	month = {may},
	publisher = {Elsevier {BV}},
	volume = {76},
	pages = {240--244},
	author = {N. Bednar{\v{s}}ek and T. Klinger and C.J. Harvey and S. Weisberg and R.M. McCabe and R.A. Feely and J. Newton and N. Tolimieri},
	title = {New ocean, new needs: Application of pteropod shell dissolution as a biological indicator for marine resource management},
	journal = {Ecological Indicators}
}
%Meta-analysis pteropods and review
@article{Bednarsek2019MetaAnalysis,
	doi = {10.3389/fmars.2019.00227},
	url = {https://doi.org/10.3389\%2Ffmars.2019.00227},
	year = 2019,
	month = {may},
	publisher = {Frontiers Media {SA}},
	volume = {6},
	author = {Nina Bednar{\v{s}}ek and Richard Alan Feely and Ella L. Howes and Brian P. V. Hunt and Faycal Kessouri and Pablo Le{\'{o}}n and Silke Lischka and Amy E. Maas and Karen McLaughlin and Nikolay P. Nezlin and Martha Sutula and Stephen B. Weisberg},
	title = {Systematic Review and Meta-Analysis Toward Synthesis of Thresholds of Ocean Acidification Impacts on Calcifying Pteropods and Interactions With Warming},
	journal = {Frontiers in Marine Science}
}

%Cumulative effects on pteropods, and simple population model
@article{Bednarsek2016CumulativeEffects,
	doi = {10.1016/j.pocean.2016.04.002},
	url = {https://doi.org/10.1016\%2Fj.pocean.2016.04.002},
	year = 2016,
	month = {jun},
	publisher = {Elsevier {BV}},
	volume = {145},
	pages = {1--24},
	author = {Nina Bednar{\v{s}}ek and Chris J. Harvey and Isaac C. Kaplan and Richard A. Feely and Jasna Mo{\v{z}}ina},
	title = {Pteropods on the edge: Cumulative effects of ocean acidification, warming, and deoxygenation},
	journal = {Progress in Oceanography}
}
%Synergistic effects of acidification and warming on arctic pteropods
@article{Lischka2012SynergisticEffects,
	doi = {10.1111/gcb.12020},
	url = {https://doi.org/10.1111\%2Fgcb.12020},
	year = 2012,
	month = {oct},
	publisher = {Wiley},
	volume = {18},
	number = {12},
	pages = {3517--3528},
	author = {Silke Lischka and Ulf Riebesell},
	title = {Synergistic effects of ocean acidification and warming on overwintering pteropods in the Arctic},
	journal = {Global Change Biology}
}
%Effects of warming and acidification on antarctic pteropods
@article{Gardner2017SouthernOceanPteropods,
	doi = {10.1007/s00227-017-3261-3},
	url = {https://doi.org/10.1007\%2Fs00227-017-3261-3},
	year = 2018,
	month = {nov},
	publisher = {Springer Science and Business Media {LLC}},
	volume = {165},
	number = {1},
	author = {Jessie Gardner and Clara Manno and Dorothee C. E. Bakker and Victoria L. Peck and Geraint A. Tarling},
	title = {Southern Ocean pteropods at risk from ocean warming and acidification},
	journal = {Marine Biology}
}
%Vulnerability of pteropods to acidification (REVIEW)
@article{Manno2017ReviewPteropodVulnerability,
	doi = {10.1016/j.earscirev.2017.04.005},
	url = {https://doi.org/10.1016\%2Fj.earscirev.2017.04.005},
	year = 2017,
	month = {jun},
	publisher = {Elsevier {BV}},
	volume = {169},
	pages = {132--145},
	author = {Clara Manno and Nina Bednar{\v{s}}ek and Geraint A. Tarling and Vicky L. Peck and Steeve Comeau and Deepak Adhikari and Dorothee C.E. Bakker and Eduard Bauerfeind and Alexander J. Bergan and Maria I. Berning and Erik Buitenhuis and Alice K. Burridge and Melissa Chierici and Sebastian Flöter and Agneta Fransson and Jessie Gardner and Ella L. Howes and Nina Keul and Katsunori Kimoto and Peter Kohnert and Gareth L. Lawson and Silke Lischka and Amy Maas and Lisette Mekkes and Rosie L. Oakes and Corinne Pebody and Katja T.C.A. Peijnenburg and Miriam Seifert and Jennifer Skinner and Patricia S. Thibodeau and Deborah Wall-Palmer and Patrizia Ziveri},
	title = {Shelled pteropods in peril: Assessing vulnerability in a high {CO} 2 ocean},
	journal = {Earth-Science Reviews}
}
%Hypoxia and metabolic suppression
@article{Seibel2016HypoxiaMetabilic,
	doi = {10.1093/icb/icw091},
	url = {https://doi.org/10.1093\%2Ficb\%2Ficw091},
	year = 2016,
	month = {aug},
	publisher = {Oxford University Press ({OUP})},
	volume = {56},
	number = {4},
	pages = {510--523},
	author = {Brad A. Seibel and Jillian L. Schneider and Stein Kaartvedt and Karen F. Wishner and Kendra L. Daly},
	title = {Hypoxia Tolerance and Metabolic Suppression in Oxygen Minimum Zone Euphausiids: Implications for Ocean Deoxygenation and Biogeochemical Cycles},
	journal = {Integrative and Comparative Biology}
}
%Differential effects of deoxygenation on zooplankton
@article{Wishner2018DeoxygenetionThresholds,
	doi = {10.1126/sciadv.aau5180},
	url = {https://doi.org/10.1126\%2Fsciadv.aau5180},
	year = 2018,
	month = {dec},
	publisher = {American Association for the Advancement of Science ({AAAS})},
	volume = {4},
	number = {12},
	pages = {eaau5180},
	author = {K. F. Wishner and B. A. Seibel and C. Roman and C. Deutsch and D. Outram and C. T. Shaw and M. A. Birk and K. A. S. Mislan and T. J. Adams and D. Moore and S. Riley},
	title = {Ocean deoxygenation and zooplankton: Very small oxygen differences matter},
	journal = {Science Advances}
}
%Upwelling and zooplankton abundance (copepods)
@article{Escribano2012UpwellingAbundanceZoo,
	doi = {10.1016/j.pocean.2011.11.006},
	url = {https://doi.org/10.1016\%2Fj.pocean.2011.11.006},
	year = 2012,
	month = {may},
	publisher = {Elsevier {BV}},
	volume = {97-100},
	pages = {174--186},
	author = {Ruben Escribano and Pamela Hidalgo and Marcelo Fuentes and Katty Donoso},
	title = {Zooplankton time series in the coastal zone off Chile: Variation in upwelling and responses of the copepod community},
	journal = {Progress in Oceanography}
}
%Species and DVM
@article{Mackas2005DVM,
	doi = {10.1016/j.dsr2.2005.02.008},
	url = {https://doi.org/10.1016\%2Fj.dsr2.2005.02.008},
	year = 2005,
	month = {apr},
	publisher = {Elsevier {BV}},
	volume = {52},
	number = {7-8},
	pages = {1011--1035},
	author = {D.L. Mackas and M. Tsurumi and M.D. Galbraith and D.R. Yelland},
	title = {Zooplankton distribution and dynamics in a North Pacific Eddy of coastal origin: {II}. Mechanisms of eddy colonization by and retention of offshore species},
	journal = {Deep Sea Research Part {II}: Topical Studies in Oceanography}
}

%Metabolic suppresion in OMZ and low temperature and their effect on shell dissolution during DVM
@article{Maas2012DVM,
	doi = {10.5194/bg-9-747-2012},
	url = {https://doi.org/10.5194\%2Fbg-9-747-2012},
	year = 2012,
	month = {feb},
	publisher = {Copernicus {GmbH}},
	volume = {9},
	number = {2},
	pages = {747--757},
	author = {A. E. Maas and K. F. Wishner and B. A. Seibel},
	title = {The metabolic response of pteropods to acidification reflects natural {CO}2-exposure in oxygen minimum zones},
	journal = {Biogeosciences}
}
%Calcifiers and the additional energy requirement with decreased carbonate ion concentration
@article{Cohen2009AdditionalEnergy,
	doi = {10.5670/oceanog.2009.102},
	url = {https://doi.org/10.5670\%2Foceanog.2009.102},
	year = 2009,
	month = {dec},
	publisher = {The Oceanography Society},
	volume = {22},
	number = {4},
	pages = {118--127},
	author = {Anne Cohen and Michael Holcomb},
	title = {Why Corals Care About Ocean Acidification: Uncovering the Mechanism},
	journal = {Oceanography}
}
%Current and future losses in calcite precipitation
@article{Kleypas1999CalcitePrecipitation,
	doi = {10.1126/science.284.5411.118},
	url = {https://doi.org/10.1126\%2Fscience.284.5411.118},
	year = 1999,
	month = {apr},
	publisher = {American Association for the Advancement of Science ({AAAS})},
	volume = {284},
	number = {5411},
	pages = {118--120},
	author = {J. A. Kleypas},
	title = {Geochemical Consequences of Increased Atmospheric Carbon Dioxide on Coral Reefs},
	journal = {Science}
}
%swimming activity and acidificationa and water freshening
@article{Manno2012SwimmingBehaviour,
title = {Limacina retroversa's response to combined effects of ocean acidification and sea water freshening},
journal = {Estuarine, Coastal and Shelf Science},
volume = {113},
pages = {163 - 171},
year = {2012},
note = {The MIRACLE Project (Mercury Interdisciplinary Research project for Appropriate Clam farming in Lagoon Environment)},
issn = {0272-7714},
doi = {https://doi.org/10.1016/j.ecss.2012.07.019},
url = {http://www.sciencedirect.com/science/article/pii/S0272771412002892},
author = {C. Manno and N. Morata and R. Primicerio},
keywords = {ocean acidification, pteropods, salinity, carbonate, high latitude, Norwegian Sea},
}
%Nervous system, calcification and metabolism
@article{Moya2016NervousSystem,
	doi = {10.1111/gcb.13350},
	url = {https://doi.org/10.1111\%2Fgcb.13350},
	year = 2016,
	month = {jun},
	publisher = {Wiley},
	volume = {22},
	number = {12},
	pages = {3888--3900},
	author = {Aurelie Moya and Ella L. Howes and Thomas Lacoue-Labarthe and Sylvain For{\^{e}}t and Bishoy Hanna and M{\'{o}}nica Medina and Philip L. Munday and Jue-Sheng Ong and Jean-Louis Teyssi{\'{e}} and Gergely Torda and Sue-Ann Watson and David J. Miller and Jelle Bijma and Jean-Pierre Gattuso},
	title = {Near-future {pH} conditions severely impact calcification, metabolism and the nervous system in the {pteropod Heliconoides} inflatus},
	journal = {Global Change Biology}
}
%====================================================================
%               PTEROPOD NOMENCALTURE, GENES & DESCRIPTION
%====================================================================
%Balasting effect
@article{Klaas2002Ballast,
	doi = {10.1029/2001gb001765},
	url = {https://doi.org/10.1029\%2F2001gb001765},
	year = 2002,
	month = {dec},
	publisher = {American Geophysical Union ({AGU})},
	volume = {16},
	number = {4},
	pages = {63--1--63--14},
	author = {Christine Klaas and David E. Archer},
	title = {Association of sinking organic matter with various types of mineral ballast in the deep sea: Implications for the rain ratio},
	journal = {Global Biogeochemical Cycles}
}
%Feeding behaviour
@article{Gilmer1972FeedingBehaviour,
	doi = {10.1126/science.176.4040.1239},
	url = {https://doi.org/10.1126\%2Fscience.176.4040.1239},
	year = 1972,
	month = {jun},
	publisher = {American Association for the Advancement of Science ({AAAS})},
	volume = {176},
	number = {4040},
	pages = {1239--1240},
	author = {R. W. Gilmer},
	title = {Free-Floating Mucus Webs: A Novel Feeding Adaptation for the Open Ocean},
	journal = {Science}
}
%Fecal pellets
@incollection{Treguer2003FecalPellets,
	doi = {10.1007/978-3-642-55844-3_7},
	url = {https://doi.org/10.1007\%2F978-3-642-55844-3_7},
	year = 2003,
	publisher = {Springer Berlin Heidelberg},
	pages = {145--156},
	author = {Paul Tr{\'{e}}guer and Louis Legendre and Richard T. Rivkin and Olivier Ragueneau and Nicolas Dittert},
	title = {Water Column Biogeochemistry below the Euphotic Zone},
	booktitle = {Ocean Biogeochemistry}
}
%Importance of feacal pellets
@article{Manno2009FeacalPellets,
	doi = {10.1093/plankt/fbp108},
	url = {https://doi.org/10.1093\%2Fplankt\%2Ffbp108},
	year = 2009,
	month = {nov},
	publisher = {Oxford University Press ({OUP})},
	volume = {32},
	number = {2},
	pages = {145--152},
	author = {C. Manno and V. Tirelli and A. Accornero and S. Fonda Umani},
	title = {Importance of the contribution of Limacina helicina faecal pellets to the carbon pump in Terra Nova Bay (Antarctica)},
	journal = {Journal of Plankton Research}
}
%aggregation of particles
@article{Noji1997Aggregation,
	doi = {10.1093/plankt/19.7.863},
	url = {https://doi.org/10.1093\%2Fplankt\%2F19.7.863},
	year = 1997,
	publisher = {Oxford University Press ({OUP})},
	volume = {19},
	number = {7},
	pages = {863--875},
	author = {Thomas T. Noji and Ulrich V. Bathmann and Bodo von Bodungen and Maren Voss and Avan Antia and Manta Krumbholz and Bert Klein and Ilka Peeken and Carola I.-M. Noji and Francisco Rey},
	title = {Clearance of picoplankton-sized partides and formation of rapidly sinking aggregates by the pteropod, Limacina reiroversa},
	journal = {Journal of Plankton Research}
}

%food base for fishes
@article{FalkPetersen2001Trophic,
	doi = {10.1007/s003000000190},
	url = {https://doi.org/10.1007\%2Fs003000000190},
	year = 2001,
	month = {feb},
	publisher = {Springer Science and Business Media {LLC}},
	volume = {24},
	number = {3},
	pages = {163--170},
	author = {Stig Falk-Petersen and John R. Sargent and Slawomir Kwasniewski and Bj{\&}{\#}x000F8$\mathsemicolon$rn Gulliksen and Rose-Mary Millar},
	title = {Lipids and fatty acids in Clione limacina and Limacina helicina in Svalbard waters and the Arctic Ocean: trophic implications},
	journal = {Polar Biology}
}
%Fishes and pteropods
@article{LeBrasseur1966FishPteropods,
	doi = {10.1139/f66-007},
	url = {https://doi.org/10.1139\%2Ff66-007},
	year = 1966,
	month = {jan},
	publisher = {Canadian Science Publishing},
	volume = {23},
	number = {1},
	pages = {85--100},
	author = {R. J. LeBrasseur},
	title = {Stomach Contents of Salmon and Steelhead Trout in the Northeastern Pacific Ocean},
	journal = {Journal of the Fisheries Research Board of Canada}
}

%Seabirds, fishes and other top predators
@article{Hunt2008TopPredators,
	doi = {10.1016/j.pocean.2008.06.001},
	url = {https://doi.org/10.1016\%2Fj.pocean.2008.06.001},
	year = 2008,
	month = {sep},
	publisher = {Elsevier {BV}},
	volume = {78},
	number = {3},
	pages = {193--221},
	author = {B.P.V. Hunt and E.A. Pakhomov and G.W. Hosie and V. Siegel and P. Ward and K. Bernard},
	title = {Pteropods in Southern Ocean ecosystems},
	journal = {Progress in Oceanography}
}
%link lower trophic levels and fish yields
@article{ware2005bottom,
	doi = {10.1126/science.1109049},
	url = {https://doi.org/10.1126\%2Fscience.1109049},
	year = 2005,
	month = {may},
	publisher = {American Association for the Advancement of Science ({AAAS})},
	volume = {308},
	number = {5726},
	pages = {1280--1284},
	author = {D. M. Ware},
	title = {Bottom-Up Ecosystem Trophic Dynamics Determine Fish Production in the Northeast Pacific},
	journal = {Science}
}

%Protein humans
@article{Chassot2010Protein,
	doi = {10.1111/j.1461-0248.2010.01443.x},
	url = {https://doi.org/10.1111\%2Fj.1461-0248.2010.01443.x},
	year = 2010,
	month = {apr},
	publisher = {Wiley},
	volume = {13},
	number = {4},
	pages = {495--505},
	author = {Emmanuel Chassot and Sylvain Bonhommeau and Nicholas K. Dulvy and Fr{\'{e}}d{\'{e}}ric M{\'{e}}lin and Reg Watson and Didier Gascuel and Olivier Le Pape},
	title = {Global marine primary production constrains fisheries catches},
	journal = {Ecology Letters}
}

%Overall description
@book{lalli1989pelagic,
  title={Pelagic snails: the biology of holoplanktonic gastropod mollusks},
  author={Lalli, Carol M and Gilmer, Ronald W},
  year={1989},
  publisher={Stanford University Press}
}


%Holoplanktonic and other description
@book{SuarezMorales2009Gastropods,
    author = {Su{\'a}rez-Morales, Eduardo and Gasca, Rebeca and Castellanos, Iv{\'a}n}, 
    editor = {Wehrtmann, Ingo S. and Cort{\'e}s, Jorge},
    title = {Pelagic Gastropods},
    bookTitle = {Marine Biodiversity of Costa Rica, Central America},
    year = {2009},
    publisher = {Springer Netherlands},
    address = {Dordrecht},
    pages = {357--369},
    isbn = {978-1-4020-8278-8},
    doi = {10.1007/978-1-4020-8278-8_32},
    url = {https://doi.org/10.1007/978-1-4020-8278-8_32}
}


@article{WallPalmer2016DescriptionPteropods,
	doi = {10.1093/mollus/eyv063},
	url = {https://doi.org/10.1093\%2Fmollus\%2Feyv063},
	year = 2016,
	month = {jan},
	publisher = {Oxford University Press ({OUP})},
	volume = {82},
	number = {2},
	pages = {221--234},
	author = {Deborah Wall-Palmer and Christopher W. Smart and Richard Kirby and Malcolm B. Hart and Katja T. C. A. Peijnenburg and Arie W. Janssen},
	title = {A review of the ecology, palaeontology and distribution of atlantid heteropods (Caenogastropoda: Pterotracheoidea: Atlantidae)},
	journal = {Journal of Molluscan Studies}
}
%Nomenclature Pteropods
@article{Bouchet2017Nomenclatur,
	doi = {10.4002/040.061.0201},
	url = {https://doi.org/10.4002\%2F040.061.0201},
	year = 2017,
	month = {dec},
	publisher = {Institute of Malacology},
	volume = {61},
	number = {1-2},
	pages = {1--526},
	author = {Philippe Bouchet and Jean-Pierre Rocroi and Bernhard Hausdorf and Andrzej Kaim and Yasunori Kano and Alexander Nützel and Pavel Parkhaev and Michael Schrödl and Ellen E. Strong},
	title = {Revised Classification, Nomenclator and Typification of Gastropod and Monoplacophoran Families},
	journal = {Malacologia}
}
%Other nomenclature of pteropods in NE Pacific Ocean
@article{Janssen2019PteropodNomencalture,
	doi = {10.11646/zoosymposia.13.1.22},
	url = {https://doi.org/10.11646\%2Fzoosymposia.13.1.22},
	year = 2019,
	month = {feb},
	publisher = {Magnolia Press},
	volume = {13},
	number = {1},
	pages = {305--346},
	author = {Arie W. Janssen and Stephanie L. Bush and Nina Bednar{\v{s}}ek},
	title = {The shelled pteropods of the northeast Pacific Ocean (Mollusca: Heterobranchia, Pteropoda)},
	journal = {Zoosymposia}
}
%Genetic links between pteropods
@article{Kohnert2020GeneticLink,
	doi = {10.1016/j.pocean.2019.102259},
	url = {https://doi.org/10.1016\%2Fj.pocean.2019.102259},
	year = 2020,
	month = {feb},
	publisher = {Elsevier {BV}},
	volume = {181},
	pages = {102259},
	author = {P.C. Kohnert and A.F. Cerwenka and A. Brandt and M. Schrödl},
	title = {Pteropods from the Kuril-Kamchatka Trench and the sea of Okhotsk (Euopisthobranchia; Gastropoda)},
	journal = {Progress in Oceanography}
}
%Metastable aragonite
@article{Mucci1983Metastable,
	doi = {10.2475/ajs.283.7.780},
	url = {https://doi.org/10.2475\%2Fajs.283.7.780},
	year = 1983,
	month = {sep},
	publisher = {American Journal of Science ({AJS})},
	volume = {283},
	number = {7},
	pages = {780--799},
	author = {A. Mucci},
	title = {The solubility of calcite and aragonite in seawater at various salinities, temperatures, and one atmosphere total pressure},
	journal = {American Journal of Science}
}
%====================================================================
%               BIOGEOCHEMICAL IMPORTANCE OF PTEROPODS
%====================================================================
%Importance of pteropods as clacifiers
@article{Buitenhuis2019CalciteExportPteropods,
	doi = {10.1029/2018gb006110},
	url = {https://doi.org/10.1029\%2F2018gb006110},
	year = 2019,
	month = {mar},
	publisher = {American Geophysical Union ({AGU})},
	volume = {33},
	number = {3},
	pages = {458--468},
	author = {Erik T. Buitenhuis and Corinne Le Qu{\'{e}}r{\'{e}} and Nina Bednar{\v{s}}ek and Ralf Schiebel},
	title = {Large Contribution of Pteropods to Shallow {CaCO}3 Export},
	journal = {Global Biogeochemical Cycles}
}
%Deoxygenation in eddies and carbon flux
@article{Fiedler2016EddiesOxygenCarbonflux,
	doi = {10.5194/bg-13-5633-2016},
	url = {https://doi.org/10.5194\%2Fbg-13-5633-2016},
	year = 2016,
	month = {oct},
	publisher = {Copernicus {GmbH}},
	volume = {13},
	number = {19},
	pages = {5633--5647},
	author = {Björn Fiedler and Damian S. Grundle and Florian Schütte and Johannes Karstensen and Carolin R. Löscher and Helena Hauss and Hannes Wagner and Alexandra Loginova and Rainer Kiko and P{\'{e}}ricles Silva and Toste Tanhua and Arne Körtzinger},
	title = {Oxygen utilization and downward carbon flux in an oxygen-depleted eddy in
		the eastern tropical North Atlantic},
	journal = {Biogeosciences}
}
%Link between abundance and fish stock recruitment
@article{Capuzzo2017AbundanceRecruitment,
	doi = {10.1111/gcb.13916},
	url = {https://doi.org/10.1111\%2Fgcb.13916},
	year = 2017,
	month = {oct},
	publisher = {Wiley},
	volume = {24},
	number = {1},
	pages = {e352--e364},
	author = {Elisa Capuzzo and Christopher P. Lynam and Jon Barry and David Stephens and Rodney M. Forster and Naomi Greenwood and Abigail McQuatters-Gollop and Tiago Silva and Sonja M. van Leeuwen and Georg H. Engelhard},
	title = {A decline in primary production in the North Sea over 25 years, associated with reductions in zooplankton abundance and fish stock recruitment},
	journal = {Global Change Biology}
}
%Trophic amplification
@article{Chust2014TrophicAmplification,
	doi = {10.1111/gcb.12562},
	url = {https://doi.org/10.1111\%2Fgcb.12562},
	year = 2014,
	month = {may},
	publisher = {Wiley},
	volume = {20},
	number = {7},
	pages = {2124--2139},
	author = {Guillem Chust and J. Icarus Allen and Laurent Bopp and Corinna Schrum and Jason Holt and Kostas Tsiaras and Marco Zavatarelli and Marina Chifflet and Heather Cannaby and Isabelle Dadou and Ute Daewel and Sarah L. Wakelin and Eric Machu and Dhanya Pushpadas and Momme Butenschon and Yuri Artioli and George Petihakis and Chris Smith and Veronique Gar{\c{c}}on and Katerina Goubanova and Briac Le Vu and Bettina A. Fach and Baris Salihoglu and Emanuela Clementi and Xabier Irigoien},
	title = {Biomass changes and trophic amplification of plankton in a warmer ocean},
	journal = {Global Change Biology}
}
%====================================================================
%                       ROMS
%====================================================================
%BEC
@article{moore2013marine,
 doi = {10.1175/jcli-d-12-00566.1},
	url = {https://doi.org/10.1175\%2Fjcli-d-12-00566.1},
	year = 2013,
	month = {dec},
	publisher = {American Meteorological Society},
	volume = {26},
	number = {23},
	pages = {9291--9312},
	author = {J. Keith Moore and Keith Lindsay and Scott C. Doney and Matthew C. Long and Kazuhiro Misumi},
	title = {Marine Ecosystem Dynamics and Biogeochemical Cycling in the Community Earth System Model [{CESM}1({BGC})]: Comparison of the 1990s with the 2090s under the {RCP}4.5 and {RCP}8.5 Scenarios},
	journal = {Journal of Climate}
}
%USCLA-ETH ROMS
@article{shchepetkin2005regional,
  doi = {10.1016/j.ocemod.2004.08.002},
	url = {https://doi.org/10.1016\%2Fj.ocemod.2004.08.002},
	year = 2005,
	month = {jan},
	publisher = {Elsevier {BV}},
	volume = {9},
	number = {4},
	pages = {347--404},
	author = {Alexander F. Shchepetkin and James C. McWilliams},
	title = {The regional oceanic modeling system ({ROMS}): a split-explicit, free-surface, topography-following-coordinate oceanic model},
	journal = {Ocean Modelling}
}
%Frischknecht ROMS CalCS
@article{frischknecht2015remote,
  doi = {10.1002/2014jc010531},
	url = {https://doi.org/10.1002\%2F2014jc010531},
	year = 2015,
	month = {feb},
	publisher = {American Geophysical Union ({AGU})},
	volume = {120},
	number = {2},
	pages = {1353--1374},
	author = {M. Frischknecht and M. M\"{u}nnich and N. Gruber},
	title = {Remote versus local influence of {ENSO} on the California Current System},
	journal = {Journal of Geophysical Research: Oceans}
}

@article{frischknecht2017local,
  doi = {10.1002/2016gl071316},
	url = {https://doi.org/10.1002\%2F2016gl071316},
	year = 2017,
	month = {jan},
	publisher = {American Geophysical Union ({AGU})},
	volume = {44},
	number = {1},
	pages = {304--311},
	author = {Martin Frischknecht and Matthias M\"{u}nnich and Nicolas Gruber},
	title = {Local atmospheric forcing driving an unexpected California Current System response during the 2015-2016 El Ni{\~{n}}o},
	journal = {Geophysical Research Letters}
}

@article{frischknecht2018origin,
  doi = {10.1029/2018jc013934},
	url = {https://doi.org/10.1029\%2F2018jc013934},
	year = 2018,
	month = {nov},
	publisher = {American Geophysical Union ({AGU})},
	volume = {123},
	number = {11},
	pages = {7939--7962},
	author = {M. Frischknecht and M. M\"{u}nnich and N. Gruber},
	title = {Origin, Transformation, and Fate: The Three-Dimensional Biological Pump in the California Current System},
	journal = {Journal of Geophysical Research: Oceans}
}




%====================================================================
%                       MODELLING DVM
%====================================================================

%Modelling DVM patterns
@article{Han1998ModellingDVM,
	doi = {10.1093/plankt/20.8.1463},
	url = {https://doi.org/10.1093\%2Fplankt\%2F20.8.1463},
	year = 1998,
	publisher = {Oxford University Press ({OUP})},
	volume = {20},
	number = {8},
	pages = {1463--1487},
	author = {Bo-Ping Han and Milan Stra{\v{s}}kraba},
	title = {Modeling patterns of zooplankton diel vertical migration},
	journal = {Journal of Plankton Research}
}
%Modelling DVM in ESM/ROMS
@article{Archibald2019ModellingDVM,
	doi = {10.1029/2018gb005983},
	url = {https://doi.org/10.1029\%2F2018gb005983},
	year = 2019,
	month = {feb},
	publisher = {American Geophysical Union ({AGU})},
	volume = {33},
	number = {2},
	pages = {181--199},
	author = {Kevin M. Archibald and David A. Siegel and Scott C. Doney},
	title = {Modeling the Impact of Zooplankton Diel Vertical Migration on the Carbon Export Flux of the Biological Pump},
	journal = {Global Biogeochemical Cycles}
}
%importance of DVM in 1D modell
@article{Bianchi2013ImportanceDVM,
	doi = {10.1002/gbc.20031},
	url = {https://doi.org/10.1002\%2Fgbc.20031},
	year = 2013,
	month = {may},
	publisher = {American Geophysical Union ({AGU})},
	volume = {27},
	number = {2},
	pages = {478--491},
	author = {Daniele Bianchi and Charles Stock and Eric D. Galbraith and Jorge L. Sarmiento},
	title = {Diel vertical migration: Ecological controls and impacts on the biological pump in a one-dimensional ocean model},
	journal = {Global Biogeochemical Cycles}
}

%Migration into low oxygen regions
@article{Hauss2016MigrationLowO2,
	doi = {10.5194/bg-13-1977-2016},
	url = {https://doi.org/10.5194\%2Fbg-13-1977-2016},
	year = 2016,
	month = {apr},
	publisher = {Copernicus {GmbH}},
	volume = {13},
	number = {6},
	pages = {1977--1989},
	author = {Helena Hauss and Svenja Christiansen and Florian Schütte and Rainer Kiko and Miryam Edvam~Lima and Elizandro Rodrigues and Johannes Karstensen and Carolin R. Löscher and Arne Körtzinger and Björn Fiedler},
	title = {Dead zone or oasis in the open ocean? Zooplankton distribution and migration  in low-oxygen modewater eddies},
	journal = {Biogeosciences}
}

%Modelling DVM and S(easonal)VM of copepods
@article{Bandara2018CopepodDVM,
	doi = {10.1016/j.ecolmodel.2017.12.010},
	url = {https://doi.org/10.1016\%2Fj.ecolmodel.2017.12.010},
	year = 2018,
	month = {jan},
	publisher = {Elsevier {BV}},
	volume = {368},
	pages = {357--376},
	author = {Kanchana Bandara and {\O}ystein Varpe and Rubao Ji and Ketil Eiane},
	title = {A high-resolution modeling study on diel and seasonal vertical migrations of high-latitude copepods},
	journal = {Ecological Modelling}
}

%====================================================================
%               ACIDIFICATION (REGIONAL AND GLOBAL)
%====================================================================
%Shoaling of corrosive waters
@article {Feely2008Shoaling,
	author = {Feely, Richard A. and Sabine, Christopher L. and Hernandez-Ayon, J. Martin and Ianson, Debby and Hales, Burke},
	title = {Evidence for Upwelling of Corrosive "Acidified" Water onto the Continental Shelf},
	volume = {320},
	number = {5882},
	pages = {1490--1492},
	year = {2008},
	doi = {10.1126/science.1155676},
	publisher = {American Association for the Advancement of Science},
	issn = {0036-8075},
	URL = {https://science.sciencemag.org/content/320/5882/1490},
	eprint = {https://science.sciencemag.org/content/320/5882/1490.full.pdf},
	journal = {Science}
}


%Protoconch dissolution
@article{Johnson2016,
	doi = {10.5194/bg-2016-467},
	url = {https://doi.org/10.5194\%2Fbg-2016-467},
	year = 2016,
	month = {nov},
	publisher = {Copernicus {GmbH}},
	pages = {1--25},
	author = {Kevin M. Johnson and Umihiko Hoshijima and Cailan S. Sugano and Alice T. Nguyen and Gretchen E. Hofmann},
	title = {Shell dissolution observed in Limacina helicina antarctica from the Ross Sea, Antarctica: paired shell characteristics and in situ seawater
		chemistry},
	journal = {Biogeosciences Discussions}
}

%Acidification global
@article{Orr2005Acidification,
	doi = {10.1038/nature04095},
	url = {https://doi.org/10.1038\%2Fnature04095},
	year = 2005,
	month = {sep},
	publisher = {Springer Science and Business Media {LLC}},
	volume = {437},
	number = {7059},
	pages = {681--686},
	author = {James C. Orr and Victoria J. Fabry and Olivier Aumont and Laurent Bopp and Scott C. Doney and Richard A. Feely and Anand Gnanadesikan and Nicolas Gruber and Akio Ishida and Fortunat Joos and Robert M. Key and Keith Lindsay and Ernst Maier-Reimer and Richard Matear and Patrick Monfray and Anne Mouchet and Raymond G. Najjar and Gian-Kasper Plattner and Keith B. Rodgers and Christopher L. Sabine and Jorge L. Sarmiento and Reiner Schlitzer and Richard D. Slater and Ian J. Totterdell and Marie-France Weirig and Yasuhiro Yamanaka and Andrew Yool},
	title = {Anthropogenic ocean acidification over the twenty-first century and its impact on calcifying organisms},
	journal = {Nature}
}
%Global acidification
@article{Hauri2013AcidificationCalCS,
	doi = {10.1002/grl.50618},
	url = {https://doi.org/10.1002\%2Fgrl.50618},
	year = 2013,
	month = {jul},
	publisher = {American Geophysical Union ({AGU})},
	volume = {40},
	number = {13},
	pages = {3424--3428},
	author = {C. Hauri and N. Gruber and A. M. P. McDonnell and M. Vogt},
	title = {The intensity, duration, and severity of low aragonite saturation state events on the California continental shelf},
	journal = {Geophysical Research Letters}
}
%Meta-analysis of the effects of acidification on marine calcifiers
@article{Kroeker2010MetaanalysisAcidification,
	doi = {10.1111/j.1461-0248.2010.01518.x},
	url = {https://doi.org/10.1111\%2Fj.1461-0248.2010.01518.x},
	year = 2010,
	month = {aug},
	publisher = {Wiley},
	volume = {13},
	number = {11},
	pages = {1419--1434},
	author = {Kristy J. Kroeker and Rebecca L. Kordas and Ryan N. Crim and Gerald G. Singh},
	title = {Meta-analysis reveals negative yet variable effects of ocean acidification on marine organisms},
	journal = {Ecology Letters}
}
%Juveniles vs acidification
@article{Kroeker2013JuvenilesCalcifiers,
	doi = {10.1111/gcb.12179},
	url = {https://doi.org/10.1111\%2Fgcb.12179},
	year = 2013,
	month = {apr},
	publisher = {Wiley},
	volume = {19},
	number = {6},
	pages = {1884--1896},
	author = {Kristy J. Kroeker and Rebecca L. Kordas and Ryan Crim and Iris E. Hendriks and Laura Ramajo and Gerald S. Singh and Carlos M. Duarte and Jean-Pierre Gattuso},
	title = {Impacts of ocean acidification on marine organisms: quantifying sensitivities and interaction with warming},
	journal = {Global Change Biology}
}
%Tripple Whammies and consequences GENERAL
@article{Gruber2011TripleWhammy,
	doi = {10.1098/rsta.2011.0003},
	url = {https://doi.org/10.1098\%2Frsta.2011.0003},
	year = 2011,
	month = {may},
	publisher = {The Royal Society},
	volume = {369},
	number = {1943},
	pages = {1980--1996},
	author = {Nicolas Gruber},
	title = {Warming up, turning sour, losing breath: ocean biogeochemistry under global change},
	journal = {Philosophical Transactions of the Royal Society A: Mathematical, Physical and Engineering Sciences}
}